@online{stopak_2019,
  title   = {Version control systems: A technical guide to VCS internals},
  url     = {https://initialcommit.com/blog/Technical-Guide-VCS-Internals},
  journal = {Initial Commit},
  author  = {Stopak, Jacob},
  year    = {2019},
  month   = {11}
} 
@article{zolkifli_ngah_deraman_2018,
  title   = {Version control system: A Review},
  volume  = {135},
  doi     = {10.1016/j.procs.2018.08.191},
  journal = {Procedia Computer Science},
  author  = {Zolkifli, Nazatul Nurlisa and Ngah, Amir and Deraman, Aziz},
  year    = {2018},
  pages   = {408-415}
} 
@article{khleel_nehéz_2020,
  title   = {Comparison of version Control System Tools},
  volume  = {10},
  doi     = {10.35925/j.multi.2020.3.7},
  number  = {3},
  journal = {Multidiszciplináris Tudományok},
  author  = {Khleel, Nasraldeen Alnor and Nehéz, Károly},
  year    = {2020},
  pages   = {61-69}
} 
@online{h-town_technologies_2021,
  title   = {Centralized vs Distributed version control system},
  url     = {https://www.htown-tech.com/blogs/centralized-vs-distributed-version-control-system},
  journal = {H-Town Technologies},
  year    = {2021},
  month   = {02}
}
@article{tichy_1985,
  title   = {RCS - a system for version control},
  volume  = {15},
  doi     = {10.1002/spe.4380150703},
  number  = {7},
  journal = {Software: Practice and Experience},
  author  = {Tichy, Walter F.},
  year    = {1985},
  pages   = {637-654}
} 
@online{vaghani_2023,
  title   = {Difference between singly linked list and doubly linked list},
  url     = {https://www.geeksforgeeks.org/difference-between-singly-linked-list-and-doubly-linked-list/},
  journal = {GeeksforGeeks},
  author  = {Vaghani, Romin},
  year    = {2023},
  month   = {01}
}
@online{ravikiran_2022,
  title     = {Linked list in a data structure: All you need to know},
  url       = {https://www.simplilearn.com/tutorials/data-structure-tutorial/linked-list-in-data-structure},
  journal   = {Simplilearn.com},
  publisher = {Simplilearn},
  author    = {Ravikiran, A S},
  year      = {2022},
  month     = {11}
} 
@online{mcmahon_2020,
  title     = {Understanding binary search trees},
  url       = {https://dev.to/christinamcmahon/understanding-binary-search-trees-4d90},
  journal   = {DEV Community},
  publisher = {DEV Community},
  author    = {McMahon, Christina},
  year      = {2020},
  month     = {07}
} 
@online{stemmler_2022,
  title     = {Hash tables: What, why, how to use them},
  url       = {https://khalilstemmler.com/blogs/data-structures-algorithms/hash-tables/},
  journal   = {Khalil Stemmler},
  publisher = {khalilstemmler.com},
  author    = {Stemmler, Khalil},
  year      = {2022},
  month     = {01}
} 
@online{surti_2016,
  title     = {Advanced Data Structures Part 1: Directed acyclic graph (DAG)},
  url       = {https://medium.com/@hamzasurti/advanced-data-structures-part-1-directed-acyclic-graph-dag-c1d1145b5e5a},
  journal   = {Medium},
  publisher = {Medium},
  author    = {Surti, Hamza},
  year      = {2016},
  month     = {04}
} 
@online{cloer_2019,
  title   = {10 years of Git: An interview with git creator Linus Torvalds},
  url     = {https://www.linux.com/news/10-years-git-interview-git-creator-linus-torvalds/},
  journal = {Linux.com},
  author  = {Cloer, Jennifer},
  year    = {2019},
  month   = {08}
} 